02RETORNO01COBRANCA       00000000000004389989INSTITUTO CARIOCA DE EDUCACAO 237BRADESCO       1008160160000000385                                                                                                                                                                                                                                                                          110816         000001
1021256300900019000000090044702017997                         000000000000000946440000000000000000000000000917100816          00000000000000094644000000000000007623823702789  000000000000000000000000000000000000000000000000000000000000000000000000000000000000007623800000000000000000000000000   110816                 0000000000                                                                  000002
1021256300900019000000090044702017997                         000000000000000959180000000000000000000000000917100816          00000000000000095918000000000000006534734100706  000000000000000000000000000000000000000000000000000000000000000000000000000000000000006534700000000000000000000000000   110816                 0000000000                                                                  000003
1021256300900019000000090044702017997                         000000000000001009620000000000000000000000000917100816          00000000000000100962000000000000007623823702785  000000000000000000000000000000000000000000000000000000000000000000000000000000000000007623800000000000000000000000000   110816                 0000000000                                                                  000004
1021256300900019000000090044702017997                         000000000000001023100000000000000000000000000917100816          00000000000000102310000000000000003291723702785  000000000000000000000000000000000000000000000000000000000000000000000000000000000000003291700000000000000000000000000   110816                 0000000000                                                                  000005
1021256300900019000000090044702017997                         000000000000001024340000000000000000000000000917100816          00000000000000102434000000000000007855034100405  000000000000000000000000000000000000000000000000000000000000000000000000000000000000007855000000000000000000000000000   110816                 0000000000                                                                  000006
1021256300900019000000090044702017997                         000000000000001025580000000000000000000000000917100816          00000000000000102558000000000000005610703302258  000000000000000000000000000000000000000000000000000000000000000000000000000000000000005610700000000000000000000000000   110816                 0000000000                                                                  000007
1021256300900019000000090044702017997                         000000000000001028840000000000000000000000000917100816          00000000000000102884000000000000010891123701088  000000000000000000000000000000000000000000000000000000000000000000000000000000000000010891100000000000000000000000000   110816                 0000000000                                                                  000008
1021256300900019000000090044702017997                         000000000000001030580000000000000000000000000917100816          00000000000000103058000000000000007623800100287  000000000000000000000000000000000000000000000000000000000000000000000000000000000000007623800000000000000000000000000   110816                 0000000000                                                                  000009
1021256300900019000000090044702017997                         000000000000001032360000000000000000000000000917100816          00000000000000103236000000000000005940600109012  000000000000000000000000000000000000000000000000000000000000000000000000000000000000005940600000000000000000000000000   110816                 0000000000                                                                  000010
1021256300900019000000090044702017997                         0000000000000010335P0000000000000000000000000917100816          0000000000000010335P000000000000008712934101864  000000000000000000000000000000000000000000000000000000000000000000000000000000000000008712900000000000000000000000000   110816                 0000000000                                                                  000011
1021256300900019000000090044702017997                         000000000000001034570000000000000000000000000917100816          00000000000000103457000000000000007623800104240  000000000000000000000000000000000000000000000000000000000000000000000000000000000000007623800000000000000000000000000   110816                 0000000000                                                                  000012
1021256300900019000000090044702017997                         000000000000001036510000000000000000000000000917100816          00000000000000103651000000000000005610710400211  000000000000000000000000000000000000000000000000000000000000000000000000000000000000005610700000000000000000000000000   110816                 0000000000                                                                  000013
1021256300900019000000090044702017997                         000000000000001036860000000000000000000000000917100816          00000000000000103686000000000000009257723700212  000000000000000000000000000000000000000000000000000000000000000000000000000000000000009257700000000000000000000000000   110816                 0000000000                                                                  000014
1021256300900019000000090044702017997                         000000000000001036940000000000000000000000000917100816          00000000000000103694000000000000007200500103516  000000000000000000000000000000000000000000000000000000000000000000000000000000000000007200500000000000000000000000000   110816                 0000000000                                                                  000015
1021256300900019000000090044702017997                         000000000000001037590000000000000000000000000917100816          00000000000000103759000000000000005143223701699  000000000000000000000000000000000000000000000000000000000000000000000000000000000000005143200000000000000000000000000   110816                 0000000000                                                                  000016
1021256300900019000000090044702017997                         000000000000001037830000000000000000000000000917100816          00000000000000103783000000000000007855034100706  000000000000000000000000000000000000000000000000000000000000000000000000000000000000007855000000000000000000000000000   110816                 0000000000                                                                  000017
1021256300900019000000090044702017997                         000000000000001038130000000000000000000000000917100816          00000000000000103813000000000000009257734106476  000000000000000000000000000000000000000000000000000000000000000000000000000000000000009257700000000000000000000000000   110816                 0000000000                                                                  000018
1021256300900019000000090044702017997                         000000000000001038210000000000000000000000000917100816          00000000000000103821000000000000008229123702915  000000000000000000000000000000000000000000000000000000000000000000000000000000000000008229100000000000000000000000000   110816                 0000000000                                                                  000019
1021256300900019000000090044702017997                         0000000000000010383P0000000000000000000000000917100816          0000000000000010383P000000000000009277723702753  000000000000000000000000000000000000000000000000000000000000000000000000000000000000009277700000000000000000000000000   110816                 0000000000                                                                  000020
1021256300900019000000090044702017997                         000000000000001038560000000000000000000000000917100816          00000000000000103856000000000000006171810400211  000000000000000000000000000000000000000000000000000000000000000000000000000000000000006171800000000000000000000000000   110816                 0000000000                                                                  000021
1021256300900019000000090044702017997                         000000000000001038640000000000000000000000000917100816          00000000000000103864000000000000007200534108055  000000000000000000000000000000000000000000000000000000000000000000000000000000000000007200500000000000000000000000000   110816                 0000000000                                                                  000022
1021256300900019000000090044702017997                         000000000000001038720000000000000000000000000917100816          00000000000000103872000000000000009257723700212  000000000000000000000000000000000000000000000000000000000000000000000000000000000000009257700000000000000000000000000   110816                 0000000000                                                                  000023
1021256300900019000000090044702017997                         000000000000001038800000000000000000000000000917100816          00000000000000103880000000000000008229100109012  000000000000000000000000000000000000000000000000000000000000000000000000000000000000008229100000000000000000000000000   110816                 0000000000                                                                  000024
1021256300900019000000090044702017997                         000000000000001039020000000000000000000000000917100816          00000000000000103902000000000000007200500107404  000000000000000000000000000000000000000000000000000000000000000000000000000000000000007200500000000000000000000000000   110816                 0000000000                                                                  000025
1021256300900019000000090044702017997                         000000000000001039100000000000000000000000000917100816          00000000000000103910000000000000003291723702819  000000000000000000000000000000000000000000000000000000000000000000000000000000000000003291700000000000000000000000000   110816                 0000000000                                                                  000026
1021256300900019000000090044702017997                         000000000000001039450000000000000000000000000917100816          00000000000000103945000000000000009802023706246  000000000000000000000000000000000000000000000000000000000000000000000000000000000000009802000000000000000000000000000   110816                 0000000000                                                                  000027
1021256300900019000000090044702017997                         000000000000001039610000000000000000000000000917100816          00000000000000103961000000000000007623800104416  000000000000000000000000000000000000000000000000000000000000000000000000000000000000007623800000000000000000000000000   110816                 0000000000                                                                  000028
1021256300900019000000090044702017997                         000000000000001039880000000000000000000000000917100816          00000000000000103988000000000000007623834108054  000000000000000000000000000000000000000000000000000000000000000000000000000000000000007623800000000000000000000000000   110816                 0000000000                                                                  000029
1021256300900019000000090044702017997                         000000000000001040540000000000000000000000000917100816          00000000000000104054000000000000009802000104819  000000000000000000000000000000000000000000000000000000000000000000000000000000000000009802000000000000000000000000000   110816                 0000000000                                                                  000030
1021256300900019000000090044702017997                         000000000000001040620000000000000000000000000917100816          00000000000000104062000000000000007623800104332  000000000000000000000000000000000000000000000000000000000000000000000000000000000000007623800000000000000000000000000   110816                 0000000000                                                                  000031
1021256300900019000000090044702017997                         000000000000001040890000000000000000000000000917100816          00000000000000104089000000000000007623823702779  000000000000000000000000000000000000000000000000000000000000000000000000000000000000007623800000000000000000000000000   110816                 0000000000                                                                  000032
1021256300900019000000090044702017997                         000000000000001040970000000000000000000000000917100816          00000000000000104097000000000000005445610403307  000000000000000000000000000000000000000000000000000000000000000000000000000000000000005445600000000000000000000000000   110816                 0000000000                                                                  000033
1021256300900019000000090044702017997                         000000000000001041000000000000000000000000000917100816          00000000000000104100000000000000007079303301520  000000000000000000000000000000000000000000000000000000000000000000000000000000000000007079300000000000000000000000000   110816                 0000000000                                                                  000034
1021256300900019000000090044702017997                         000000000000001041270000000000000000000000000917100816          00000000000000104127000000000000007623800103094  000000000000000000000000000000000000000000000000000000000000000000000000000000000000007623800000000000000000000000000   110816                 0000000000                                                                  000035
1021256300900019000000090044702017997                         000000000000001041430000000000000000000000000917100816          00000000000000104143000000000000007623803303334  000000000000000000000000000000000000000000000000000000000000000000000000000000000000007623800000000000000000000000000   110816                 0000000000                                                                  000036
1021256300900019000000090044702017997                         000000000000001041780000000000000000000000000917100816          00000000000000104178000000000000007623803301681  000000000000000000000000000000000000000000000000000000000000000000000000000000000000007623800000000000000000000000000   110816                 0000000000                                                                  000037
1021256300900019000000090044702017997                         000000000000001042160000000000000000000000000917100816          00000000000000104216000000000000007623800101855  000000000000000000000000000000000000000000000000000000000000000000000000000000000000007623800000000000000000000000000   110816                 0000000000                                                                  000038
1021256300900019000000090044702017997                         000000000000001042240000000000000000000000000917100816          00000000000000104224000000000000004138700100287  000000000000000000000000000000000000000000000000000000000000000000000000000000000000004138700000000000000000000000000   110816                 0000000000                                                                  000039
9201237          000000000000000000000000000385          00000000000000000000000000000000000000000000000000000000000000000000000000000000000000000000000000000000000000000000000000000000000                                                                                                                                                                              00000000000000000000000         000040
