02RETORNO01COBRANCA       00000000000004389989INSTITUTO CARIOCA DE EDUCACAO 237BRADESCO       1002160160000000344                                                                                                                                                                                                                                                                          100216         000001
1021256300900019000000090044702017997                         000000005329000000190000000000000000000000000910100216102854302000000000532900000019101215000000010285423700000  000000000000000000000000000000000000000000000000000000000000000000000000000000000000000000000000000000000000000000000                          1600000000                                                                  000002
1021256300900019000000090044702017997                         000000005329000000430000000000000000000000000910100216942833020100000000532900000043101215000000009428323700000  000000000000000000000000000000000000000000000000000000000000000000000000000000000000000000000000000000000000000000000                          1600000000                                                                  000003
1021256300900019000000090044702017997                         000000005329000000860000000000000000000000000910100216942833020100000000532900000086101215000000009428323700000  000000000000000000000000000000000000000000000000000000000000000000000000000000000000000000000000000000000000000000000                          1600000000                                                                  000004
1021256300900019000000090044702017997                         000000005329000001320000000000000000000000000910100216942833020100000000532900000132101215000000009428323700000  000000000000000000000000000000000000000000000000000000000000000000000000000000000000000000000000000000000000000000000                          1600000000                                                                  000005
1021256300900019000000090044702017997                         000000005329000001400000000000000000000000000910100216942833020100000000532900000140101215000000009428323700000  000000000000000000000000000000000000000000000000000000000000000000000000000000000000000000000000000000000000000000000                          1600000000                                                                  000006
1021256300900019000000090044702017997                         000000005329000001830000000000000000000000000910100216942833020100000000532900000183101215000000009428323700000  000000000000000000000000000000000000000000000000000000000000000000000000000000000000000000000000000000000000000000000                          1600000000                                                                  000007
1021256300900019000000090044702017997                         000000005329000001910000000000000000000000000910100216942833020100000000532900000191101215000000009428323700000  000000000000000000000000000000000000000000000000000000000000000000000000000000000000000000000000000000000000000000000                          1600000000                                                                  000008
1021256300900019000000090044702017997                         0000000053290000023P000000000000000000000000091010021694283302010000000053290000023P101215000000009428323700000  000000000000000000000000000000000000000000000000000000000000000000000000000000000000000000000000000000000000000000000                          1600000000                                                                  000009
1021256300900019000000090044702017997                         000000005329000002560000000000000000000000000910100216942833020100000000532900000256101215000000009428323700000  000000000000000000000000000000000000000000000000000000000000000000000000000000000000000000000000000000000000000000000                          1600000000                                                                  000010
1021256300900019000000090044702017997                         000000005329000002640000000000000000000000000910100216942833020100000000532900000264101215000000009428323700000  000000000000000000000000000000000000000000000000000000000000000000000000000000000000000000000000000000000000000000000                          1600000000                                                                  000011
1021256300900019000000090044702017997                         000000005329000002720000000000000000000000000910100216942833020100000000532900000272101215000000009428323700000  000000000000000000000000000000000000000000000000000000000000000000000000000000000000000000000000000000000000000000000                          1600000000                                                                  000012
1021256300900019000000090044702017997                         000000005329000002800000000000000000000000000910100216942833020100000000532900000280101215000000009428323700000  000000000000000000000000000000000000000000000000000000000000000000000000000000000000000000000000000000000000000000000                          1600000000                                                                  000013
1021256300900019000000090044702017997                         000000005329000002990000000000000000000000000910100216942833020100000000532900000299101215000000009428323700000  000000000000000000000000000000000000000000000000000000000000000000000000000000000000000000000000000000000000000000000                          1600000000                                                                  000014
1021256300900019000000090044702017997                         000000005330000000360000000000000000000000000910100216942835020100000000533000000036101215000000009428323700000  000000000000000000000000000000000000000000000000000000000000000000000000000000000000000000000000000000000000000000000                          1600000000                                                                  000015
1021256300900019000000090044702017997                         000000005330000001760000000000000000000000000910100216942832020100000000533000000176101215000000009428323700000  000000000000000000000000000000000000000000000000000000000000000000000000000000000000000000000000000000000000000000000                          1600000000                                                                  000016
1021256300900019000000090044702017997                         000000005330000001840000000000000000000000000910100216942832020100000000533000000184101215000000009428323700000  000000000000000000000000000000000000000000000000000000000000000000000000000000000000000000000000000000000000000000000                          1600000000                                                                  000017
1021256300900019000000090044702017997                         000000005330000001920000000000000000000000000910100216942832020100000000533000000192101215000000009428323700000  000000000000000000000000000000000000000000000000000000000000000000000000000000000000000000000000000000000000000000000                          1600000000                                                                  000018
1021256300900019000000090044702017997                         000000005330000002570000000000000000000000000910100216942834020100000000533000000257101215000000009428323700000  000000000000000000000000000000000000000000000000000000000000000000000000000000000000000000000000000000000000000000000                          1600000000                                                                  000019
1021256300900019000000090044702017997                         000000005330000002730000000000000000000000000910100216942834020100000000533000000273101215000000009428323700000  000000000000000000000000000000000000000000000000000000000000000000000000000000000000000000000000000000000000000000000                          1600000000                                                                  000020
1021256300900019000000090044702017997                         000000005330000003030000000000000000000000000910100216108902402000000000533000000303101215000000010890223700000  000000000000000000000000000000000000000000000000000000000000000000000000000000000000000000000000000000000000000000000                          1600000000                                                                  000021
1021256300900019000000090044702017997                         0000000053300000032P000000000000000000000000091010021699827202010000000053300000032P101215000000009982723700000  000000000000000000000000000000000000000000000000000000000000000000000000000000000000000000000000000000000000000000000                          1600000000                                                                  000022
1021256300900019000000090044702017997                         000000005330000003700000000000000000000000000910100216998272020100000000533000000370101215000000009982723700000  000000000000000000000000000000000000000000000000000000000000000000000000000000000000000000000000000000000000000000000                          1600000000                                                                  000023
1021256300900019000000090044702017997                         000000005330000003890000000000000000000000000910100216998272020100000000533000000389101215000000009982723700000  000000000000000000000000000000000000000000000000000000000000000000000000000000000000000000000000000000000000000000000                          1600000000                                                                  000024
1021256300900019000000090044702017997                         000000005330000004430000000000000000000000000910100216998273020100000000533000000443101215000000009982723700000  000000000000000000000000000000000000000000000000000000000000000000000000000000000000000000000000000000000000000000000                          1600000000                                                                  000025
1021256300900019000000090044702017997                         000000005330000004860000000000000000000000000910100216998273020100000000533000000486101215000000009982723700000  000000000000000000000000000000000000000000000000000000000000000000000000000000000000000000000000000000000000000000000                          1600000000                                                                  000026
1021256300900019000000090044702017997                         000000005330000005080000000000000000000000000910100216998273020100000000533000000508101215000000009982723700000  000000000000000000000000000000000000000000000000000000000000000000000000000000000000000000000000000000000000000000000                          1600000000                                                                  000027
1021256300900019000000090044702017997                         000000005330000005320000000000000000000000000910100216998273020100000000533000000532101215000000009982723700000  000000000000000000000000000000000000000000000000000000000000000000000000000000000000000000000000000000000000000000000                          1600000000                                                                  000028
1021256300900019000000090044702017997                         000000005330000005400000000000000000000000000910100216998273020100000000533000000540101215000000009982723700000  000000000000000000000000000000000000000000000000000000000000000000000000000000000000000000000000000000000000000000000                          1600000000                                                                  000029
1021256300900019000000090044702017997                         000000005330000006210000000000000000000000000910100216998273020100000000533000000621101215000000009982723700000  000000000000000000000000000000000000000000000000000000000000000000000000000000000000000000000000000000000000000000000                          1600000000                                                                  000030
1021256300900019000000090044702017997                         0000000053300000063P000000000000000000000000091010021699827302010000000053300000063P101215000000009982723700000  000000000000000000000000000000000000000000000000000000000000000000000000000000000000000000000000000000000000000000000                          1600000000                                                                  000031
1021256300900019000000090044702017997                         000000005330000006560000000000000000000000000910100216998273020100000000533000000656101215000000009982723700000  000000000000000000000000000000000000000000000000000000000000000000000000000000000000000000000000000000000000000000000                          1600000000                                                                  000032
1021256300900019000000090044702017997                         000000005330000006640000000000000000000000000910100216998273020100000000533000000664101215000000009982723700000  000000000000000000000000000000000000000000000000000000000000000000000000000000000000000000000000000000000000000000000                          1600000000                                                                  000033
1021256300900019000000090044702017997                         000000005330000007020000000000000000000000000910100216998273020100000000533000000702101215000000009982723700000  000000000000000000000000000000000000000000000000000000000000000000000000000000000000000000000000000000000000000000000                          1600000000                                                                  000034
1021256300900019000000090044702017997                         000000005330000007610000000000000000000000000910100216998274020100000000533000000761101215000000009982723700000  000000000000000000000000000000000000000000000000000000000000000000000000000000000000000000000000000000000000000000000                          1600000000                                                                  000035
1021256300900019000000090044702017997                         000000005330000008260000000000000000000000000910100216998276320100000000533000000826101215000000009982723700000  000000000000000000000000000000000000000000000000000000000000000000000000000000000000000000000000000000000000000000000                          1600000000                                                                  000036
1021256300900019000000090044702017997                         000000005330000008930000000000000000000000000910100216108902202000000000533000000893101215000000010890223700000  000000000000000000000000000000000000000000000000000000000000000000000000000000000000000000000000000000000000000000000                          1600000000                                                                  000037
1021256300900019000000090044702017997                         000000005330000009580000000000000000000000000910100216108902302000000000533000000958101215000000010890223700000  000000000000000000000000000000000000000000000000000000000000000000000000000000000000000000000000000000000000000000000                          1600000000                                                                  000038
1021256300900019000000090044702017997                         000000005330000010160000000000000000000000000910100216119793202000000000533000001016101215000000011979323700000  000000000000000000000000000000000000000000000000000000000000000000000000000000000000000000000000000000000000000000000                          1600000000                                                                  000039
1021256300900019000000090044702017997                         0000000053300000104000000000000000000000000009101002161137      00000000533000001040101215000000009428323700000  000000000000000000000000000000000000000000000000000000000000000000000000000000000000000000000000000000000000000000000                          1600000000                                                                  000040
1021256300900019000000090044702017997                         0000000053300000109100000000000000000000000009101002161052      00000000533000001091101215000000009428323700000  000000000000000000000000000000000000000000000000000000000000000000000000000000000000000000000000000000000000000000000                          1600000000                                                                  000041
9201237          000000000000000000000000000344          00000000000000000000000000000000000000000000000004000000393241800000000000000000000000000000000000000000000000000000000000000000000                                                                                                                                                                              00000000000000000000000         000042
