02RETORNO01COBRANCA       00000000000000047200INST BRAS DE MED DDE REABILIT 237BRADESCO       1403130160000003464                                                                                                                                                                                                                                                                          140313         000001
10242365445000115000000200447009482090010000000000000000093277000000000000009327760000000000000000000000000202140313000006597500000000000000932776200313000000003000023704470  000000000021500000000000000000000000000000000000000000000000000000000000000000000000000000000000000000000000000000000                          0000000000                                                                  000002
102423654450001150000009004470094820900100000000000000000932780000000000000093278P000000000000000000000000090314031300000659760000000000000093278P050413000000021920023704470  000000000000000000000000000000000000000000000000000000000000000000000000000000000000000000000000000000000000000000000                          0700000000                                                                  000003
9201237          000000000000000000000000003464          00001000000030000000000000000000000000000000000000000000000000000000000000000000000000000000000000000000000000000000000000000000000                                                                                                                                                                              00000000000000000000000         000004
