02RETORNO01COBRANCA       00000000000004389989INSTITUTO CARIOCA DE EDUCACAO 237BRADESCO       1508160160000000386                                                                                                                                                                                                                                                                          160816         000001
1021256300900019000000090044702017997                         000000000000001038990000000000000000000000000917150816          00000000000000103899000000000000010286323703462  000000000000000000000000000000000000000000000000000000000000000000000000000000000000010286300000000000000000000000000   160816                 0000000000                                                                  000002
9201237          000000000000000000000000000386          00000000000000000000000000000000000000000000000000000000000000000000000000000000000000000000000000000000000000000000000000000000000                                                                                                                                                                              00000000000000000000000         000003
