02RETORNO01COBRANCA       00000000000000047200INST BRAS DE MED DDE REABILIT 237BRADESCO       1803130160000003465                                                                                                                                                                                                                                                                          180313         000001
10242365445000115000000900447002400440010000000000000000093280000000000000009328010000000000000000000000000902180313000006597800000000000000932801050413000000021920023704470  000000000014000000000000000000000000000000000000000000000000000000000000000000000000000000000000000000000000000000000                          0000000000                                                                  000002
10242365445000115000000200447009482090010000000000000000093277000000000000009327760000000000000000000000000203180313000006597500000000000000932776200313000000003000023704470  000000000000000000000000000000000000000000000000000000000000000000000000000000000000000000000000000000000000000000000                          6300000000                                                                  000003
10242365445000115000000900447002400440010000000000000000093280000000000000009328010000000000000000000000000902180313000006597800000000000000932801050413000000021920000004470  000000000000000000000000000000000000000000000000000000000000000000000000000000000000000000000000000000000000000000000                          0000000000                                                                  000004
10242365445000115000000200447009482090010000000000000000079350000000000000007935040000000000000000000000000210180313000005405500000000000000793504150113000000005000023700000  000000000000000000000000000000000000000000000000000000000000000000000000000000000000000000000000000000000000000000000                          1600000000                                                                  000005
9201237          000000010000000021920000003465          00001000000219200000000000000000000000000000000000100000005000000000000000000000000000000000000000000000000000000000000000000000000                                                                                                                                                                              00000000000000000000000         000006
